@misc{rfc6020,
    author="M. Bjorklund",
    title="{YANG - A Data Modeli Language for the Network Configuration Protocol (NETCONF)}",
    series="Request for Comments",
    number="6020",
    howpublished="RFC 6020 (Proposed Standard)",
    publisher="IETF",
    organization="Internet Engineering Task Force",
    year=2010,
    month=oct,
    url="http://www.ietf.org/rfc/rfc6020.txt",
}
@misc{rfc6241,
    author="R. Enns and M. Bjorklund and J. Schoenwaelder and A. Bierman",
    title="{Network Configuration Protocol (NETCONF)}",
    series="Request for Comments",
    number="6241",
    howpublished="RFC 6241 (Proposed Standard)",
    publisher="IETF",
    organization="Internet Engineering Task Force",
    year=2011,
    month=jun,
    url="http://www.ietf.org/rfc/rfc6241.txt",
}
@article{schonwalder2010network,
    title={Network configuration management using NETCONF and YANG},
    author={Sch{\"o}nw{\"a}lder, J{\"u}rgen and Bj{\"o}rklund, Martin and Shafer, Phil},
    journal={IEEE Communications Magazine},
    volume={48},
    number={9},
    pages={166--173},
    year={2010},
    publisher={IEEE Press}
}
@article{brunner2000service,
    title={Service management in multiparty active networks},
    author={Brunner, Marcus and Stadler, Rolf},
    journal={Communications Magazine, IEEE},
    volume={38},
    number={3},
    pages={144--151},
    year={2000},
    publisher={IEEE}
}
@article{brunner2001service,
    title={Service creation and management in active telecom networks},
    author={Brunner, Marcus and Plattner, Bernhard and Stadler, Rolf},
    journal={Communications of the ACM},
    volume={44},
    number={4},
    pages={55--61},
    year={2001},
    publisher={ACM}
}
@misc{website:tail-f.com,
    author = "Tail-f Systems",
    title = "Tail-f Systems' Online Presence",
    month = "March",
    year = "2014",
    howpublished = "\url{http://www.tail-f.com/company-story/}"
}
@misc{website:yang-central.org,
    author = "YANG Central",
    title = "YANG Examples",
    month = "March",
    year = "2014",
    howpublished = "\url{http://www.yang-central.org/twiki/bin/view/Main/IfMIBHtml}"
}
@misc{website:pyang,
    author = "pyang members",
    title = "pyang",
    month = "March",
    year = "2014",
    howpublished = "\url{https://code.google.com/p/pyang/}"
}
@misc{website:eit,
    author = "European Institute of Innovation and Technology",
    title = "EIT masterschool",
    month = "March",
    year = "2014",
    howpublished = "\url{http://www.masterschool.eitictlabs.eu/}"
}
@inproceedings{odlyzko2003internet,
    title={Internet traffic growth: Sources and implications},
    author={Odlyzko, Andrew M},
    booktitle={ITCom 2003},
    pages={1--15},
    year={2003},
    organization={International Society for Optics and Photonics}
}
@article{armstrong1993concurrent,
    title={Concurrent programming in ERLANG},
    author={Armstrong, Joe and Virding, Robert and Wikstr{\"o}m, Claes and Williams, Mike},
    year={1993},
    publisher={Citeseer}
}
@book{parr2009language,
    title={Language implementation patterns: create your own domain-specific and general programming languages},
    author={Parr, Terence},
    year={2009},
    publisher={Pragmatic Bookshelf}
}
@misc{website:pyparser,
    author = "wiki",
    title = "python language parsing",
    month = "July",
    year = "2014",
    howpublished = "\url{https://wiki.python.org/moin/LanguageParsing}"
}
@misc{website:mako,
    author = "Michael Bayer",
    title = "Mako Templates for Python",
    month = "August",
    year = "2014",
    howpublished = "\url{http://www.makotemplates.org/}"
}
@misc{website:pylint,
    author = "Logilab",
    title = "Pyling",
    month = "August",
    year = "2014",
    howpublished = "\url{http://www.pylint.org/}"
}
@misc{website:tikzuml,
    author = "Nicolas Kielbasiewicz",
    title = "TikZ-UML",
    month = "August",
    year = "2014",
    howpublished = "\url{http://perso.ensta-paristech.fr/~kielbasi/tikzuml/}"
}
@misc{website:pycparser,
    author = "Eli Bendersky",
    title = "pycparser v2.10",
    month = "August",
    year = "2014",
    howpublished = "\url{https://github.com/eliben/pycparser/}"
}
@misc{website:ply,
    author = "David Beazley",
    title = "PLY (Python Lex-Yacc)",
    month = "July",
    year = "2014",
    howpublished = "\url{http://www.dabeaz.com/ply/}"
}
@misc{website:dsl,
    author = "Martin Fowler",
    title = "DomainSpecificLanguage",
    month = "August",
    year = "2014",
    howpublished = "\url{http://www.martinfowler.com/bliki/DomainSpecificLanguage.html}"
}
@misc{website:llvslr,
    author = "Lars Marius Garshol",
    title = "BNF and EBNF: What are they and how do they work?",
    month = "July",
    year = "2014",
    howpublished = "\url{http://www.garshol.priv.no/download/text/bnf.html}"
}
@book{Beazley2013python,
    title={Python Cookbook},
    edition={3},
    author={Beazley, David and Jones, Brian K.},
    year={2013},
    publisher={" O'Reilly Media, Inc."}
}
@book{aho2007compiler,
  title={Compilers: Principles, Techniques, and Tools},
  author={Aho, Alfred and Lam, Monica and Sethi, Ravi and Ullman, JD},
  edition={2},
  year={2007},
  publisher={Addison-Wesley}
}
@article{standard1996ebnf,
  title={EBNF: ISO/IEC 14977: 1996 (E)},
  author={Standard, EBNF Syntaxt Specification},
  journal={URL http://www. cl. cam. ac. uk/mgk25/iso-14977. pdf},
  year={1996}
}
@article{van2000domain,
  title={Domain-Specific Languages: An Annotated Bibliography.},
  author={Van Deursen, Arie and Klint, Paul and Visser, Joost},
  journal={Sigplan Notices},
  volume={35},
  number={6},
  pages={26--36},
  year={2000}
}
@article{mernik2005and,
  title={When and how to develop domain-specific languages},
  author={Mernik, Marjan and Heering, Jan and Sloane, Anthony M},
  journal={ACM computing surveys (CSUR)},
  volume={37},
  number={4},
  pages={316--344},
  year={2005},
  publisher={ACM}
}
@article{rfc:snmp,
  title={RFC 1157: Simple network management protocol (SNMP)},
  author={Case, Jeffrey and Fedor, Mark and Schoffstall, M and Davin, James},
  journal={IETF, April},
  year={1990}
}
@book{confd,
  title={ConfD User Guide},
  author={Tail-f Systems},
  year={2013},
  month={November},
}
@article{kosar2008preliminary,
  title={A preliminary study on various implementation approaches of domain-specific language},
  author={Kosar, Toma{\v{z}} and Barrientos, Pablo A and Mernik, Marjan and others},
  journal={Information and Software Technology},
  volume={50},
  number={5},
  pages={390--405},
  year={2008},
  publisher={Elsevier}
}
@book{ghosh2010dsls,
  title={DSLs in action},
  author={Ghosh, Debasish},
  year={2010},
  publisher={Manning Publications Co.}
}
@book{mcconnell2004code,
  title={Code complete},
  author={McConnell, Steve and Johannis, Detlef},
  volume={2},
  year={2004},
  publisher={Microsoft Press}
}
@inproceedings{wallin2011automating,
  title={Automating Network and Service Configuration Using NETCONF and YANG.},
  author={Wallin, Stefan and Wikstr{\"o}m, Claes},
  booktitle={LISA},
  year={2011}
}
@inproceedings{cunningham2008little,
  title={A little language for surveys: Constructing an internal DSL in Ruby},
  author={Cunningham, H Conrad},
  booktitle={Proceedings of the 46th Annual Southeast Regional Conference on XX},
  pages={282--287},
  year={2008},
  organization={ACM}
}
@techreport{kang1990feature,
  title={Feature-oriented domain analysis (FODA) feasibility study},
  author={Kang, Kyo C and Cohen, Sholom G and Hess, James A and Novak, William E and Peterson, A Spencer},
  year={1990},
  institution={DTIC Document}
}
@book{silberschatz1997database,
  title={Database system concepts},
  author={Silberschatz, Abraham and Korth, Henry F and Sudarshan, S},
  year={2006},
  edition={5},
  publisher={McGraw-Hill}
}
@article{rfc3535,
  title={Overview of the 2002 IAB network management workshop},
  author={Schoenwaelder, J{\"u}rgen},
  year={2003},
  howpublished="RFC 3535 (Proposed Standard)",
  publisher="IETF",
  organization="Internet Engineering Task Force",
  url="http://www.ietf.org/rfc/rfc3535.txt",
}
@article{rfc6095,
  title={Extending YANG with Language Abstractions},
  author={Linowski, Bernd and Ersue, Mehmet and Kuryla, Siarhei},
  year={2011},
  howpublished="RFC 6095 (Proposed Standard)",
  publisher="IETF",
  organization="Internet Engineering Task Force",
  url="http://www.ietf.org/rfc/rfc6095.txt",
}
@misc{website:erlang_records,
    author = "Erlang Documentation",
    title = "Erlang Records",
    month = "September",
    year = "2014",
    howpublished = "\url{http://www.erlang.org/doc/reference_manual/records.html}"
}
@misc{website:erlang_ets,
    author = "Erlang Documentation",
    title = "Erlang Term Storage (ETS)",
    month = "September",
    year = "2014",
    howpublished = "\url{http://www.erlang.org/doc/man/ets.html}"
}
@misc{website:erlang_tuples,
    author = "Erlang Documentation",
    title = "Erlang Tuples",
    month = "September",
    year = "2014",
    howpublished = "\url{http://www.erlang.org/doc/reference_manual/data_types.html#id64155}"
}
@misc{website:radon,
    author = "Michele Lacchia",
    title = "Radon",
    month = "September",
    year = "2014",
    howpublished = "\url{https://github.com/rubik/radon}"
}
@misc{website:radon2,
    author = "Michele Lacchia",
    title = "Radon",
    month = "September",
    year = "2014",
    howpublished = "\url{https://radon.readthedocs.org/}"
}
@incollection{davidson1998semantics,
  title={Semantics of database transformations},
  author={Davidson, Susan and Buneman, Peter and Kosky, Anthony},
  booktitle={Semantics in Databases},
  pages={55--91},
  year={1998},
  publisher={Springer}
}
@inproceedings{miller1993use,
  title={The use of information capacity in schema integration and translation},
  author={Miller, Ren{\'e}e J and Ioannidis, Yannis E and Ramakrishnan, Raghu},
  booktitle={VLDB},
  volume={93},
  pages={120--133},
  year={1993},
  organization={Citeseer}
}
@article{power2004metrics,
  title={A metrics suite for grammar-based software},
  author={Power, James F and Malloy, Brian A},
  journal={Journal of Software Maintenance and Evolution: Research and Practice},
  volume={16},
  number={6},
  pages={405--426},
  year={2004},
  publisher={Wiley Online Library}
}
@book{gamma1994design,
  title={Design patterns: elements of reusable object-oriented software},
  author={Gamma, Erich and Helm, Richard and Johnson, Ralph and Vlissides, John},
  year={1994},
  publisher={Pearson Education}
}
